@book{leinster2004higher,
  title={Higher operads, higher categories},
  author={Leinster, Tom},
  volume={298},
  year={2004},
  publisher={Cambridge University Press}
}

@article{maltsiniotis2010grothendieck,
  title={Grothendieck $\infty$-groupoids, and still another definition of $\infty$-categories},
  author={Maltsiniotis, Georges},
  journal={arXiv preprint arXiv:1009.2331},
  year={2010}
}

@misc{leinster2001survey,
    title={A Survey of Definitions of n-Category},
    author={Tom Leinster},
    year={2001},
    eprint={math/0107188},
    archivePrefix={arXiv},
    primaryClass={math.CT}
}

@inproceedings{finster2017type,
  title={A type-theoretical definition of weak $\omega$-categories},
  author={Finster, Eric and Mimram, Samuel},
  booktitle={2017 32nd Annual ACM/IEEE Symposium on Logic in Computer Science (LICS)},
  pages={1--12},
  year={2017},
  organization={IEEE}
}


@phdthesis{Ara,
author={Dimitri Ara},
title={Sur les $\infty$-groupoides de {G}rothendieck et une variante
$\infty$-cat\'egorique},
school={Universit\'e Paris Diderot},
year={2010}
}

@unpublished{PursuingStacks,
  author={Alexander Grothendieck},
  year=1983,
  title={Pursuing stacks}
}
@phdthesis{gurski2006algebraic,
  title={An algebraic theory of tricategories},
  author={Gurski, Michael Nicholas},
  year={2006},
  school={University of Chicago, Department of Mathematics}
}

@inproceedings{bar2017data,
  title={Data structures for quasistrict higher categories},
  author={Bar, Krzysztof and Vicary, Jamie},
  booktitle={2017 32nd Annual ACM/IEEE Symposium on Logic in Computer Science (LICS)},
  pages={1--12},
  year={2017},
  organization={IEEE}
}
